<record><leader>00000cas a2200000 a 4500</leader><controlfield tag="001">57376584</controlfield><controlfield tag="008">050106d19911993scuwr ne      0    0eng c</controlfield><datafield ind1=" " ind2=" " tag="010"><subfield code="a">  2012271279</subfield></datafield><datafield ind1=" " ind2=" " tag="040"><subfield code="a">SUC</subfield><subfield code="b">eng</subfield><subfield code="c">SUC</subfield><subfield code="d">OCLCQ</subfield><subfield code="d">SUC</subfield><subfield code="d">OCLCF</subfield></datafield><datafield ind1=" " ind2=" " tag="042"><subfield code="a">pcc</subfield></datafield><datafield ind1=" " ind2=" " tag="043"><subfield code="a">n-us-sc</subfield></datafield><datafield ind1="0" ind2=" " tag="130"><subfield code="a">Southern times (Hardeeville, S.C.)</subfield></datafield><datafield ind1="1" ind2="0" tag="245"><subfield code="a">Southern times.</subfield></datafield><datafield ind1=" " ind2=" " tag="260"><subfield code="a">Hardeeville, S.C. :</subfield><subfield code="b">Kendall and Shannon Malphrus</subfield></datafield><datafield ind1=" " ind2=" " tag="300"><subfield code="a">v.</subfield></datafield><datafield ind1=" " ind2=" " tag="310"><subfield code="a">Weekly</subfield></datafield><datafield ind1="1" ind2=" " tag="362"><subfield code="a">Began with Aug. 21, 1991; ceased with Dec. 29, 1993.</subfield></datafield><datafield ind1=" " ind2=" " tag="530"><subfield code="a">Also available on microfilm.</subfield></datafield><datafield ind1=" " ind2=" " tag="588"><subfield code="a">Description based on: Vol. 1, no. 1 (Aug. 21, 1991).</subfield></datafield><datafield ind1=" " ind2=" " tag="588"><subfield code="a">Latest consulted: Vol. 3, no. 18 (Dec. 29, 1993).</subfield></datafield><datafield ind1=" " ind2="0" tag="651"><subfield code="a">Jasper County (S.C.)</subfield><subfield code="v">Newspapers.</subfield></datafield><datafield ind1=" " ind2="7" tag="655"><subfield code="a">Newspapers.</subfield><subfield code="2">fast</subfield><subfield code="0">(OCoLC)fst01423814</subfield></datafield><datafield ind1=" " ind2="7" tag="651"><subfield code="a">South Carolina</subfield><subfield code="z">Jasper County.</subfield><subfield code="2">fast</subfield><subfield code="0">(OCoLC)fst01209376</subfield></datafield><datafield ind1=" " ind2=" " tag="752"><subfield code="a">United States</subfield><subfield code="b">South Carolina</subfield><subfield code="c">Jasper</subfield><subfield code="d">Hardeeville.</subfield></datafield><datafield ind1="0" ind2="0" tag="785"><subfield code="t">Hardeeville times</subfield><subfield code="w">(DLC)  2012271278</subfield><subfield code="w">(OCoLC)56976883</subfield></datafield></record>